@misc{feelpp,
    title = {Modeling and Quantitative Simulation},
    howpublished = {\url{https://feelpp.github.io/mqs/cases/0.109/index.html}},
    note = {Accessed: 2024}
}

@misc{pyfeelpptoolboxes,
    title = {Python Feel++ Toolboxes},
    howpublished = {\url{https://docs.feelpp.org/user/latest/python/pyfeelpptoolboxes/index.html}},
    note = {Accessed: 2024}
}

@misc{mso4sc,
    title = {Poisson},
    howpublished = {\url{https://book.mso4sc.cemosis.fr/cases/0.109/poisson/README/}},
    note = {Accessed: 2024}
}

@misc{zenodo,
    title = {Zenodo Record},
    howpublished = {\url{https://zenodo.org/records/1231527}},
    note = {Accessed: 2024}
}

@misc{sciml,
    title = {Laplacian 2D Disk},
    howpublished = {\url{https://sciml.gitlabpages.inria.fr/scimba/examples/laplacian2DDisk.html}},
    note = {Accessed: 2024}
}

@misc{scimba,
    title = {ScimBa Repository},
    howpublished = {\url{https://gitlab.inria.fr/scimba/scimba}},
    note = {Accessed: 2024}
}

@misc{feelppgithub,
    title = {Feel++ GitHub Repository},
    howpublished = {\url{https://github.com/feelpp/feelpp}},
    note = {Accessed: 2024}
}

@misc{cemosis,
    title = {Course: Solving PDEs with Feel++},
    howpublished = {\url{https://www.cemosis.fr/events/course-solving-pdes-with-feel/}},
    note = {Accessed: 2024}
}

@misc{mso4scbook,
    title = {Feel++ Book},
    howpublished = {\url{https://book.mso4sc.cemosis.fr/feelpp/}},
    note = {Accessed: 2024}
}

@misc{coupling,
    title = {Coupling (computer programming)},
    howpublished = {\url{https://en.wikipedia.org/wiki/Coupling_(computer_programming)}},
    note = {Accessed: 2024}
}

@misc{scimba2,
    title = {ScimBa},
    howpublished = {\url{https://sciml.gitlabpages.inria.fr/scimba/}},
    note = {Accessed: 2024}
}

@misc{feelppdocs,
    title = {Feel++ Documentation},
    howpublished = {\url{https://docs.feelpp.org/user/latest/index.html}},
    note = {Accessed: 2024}
}

@misc{Quick Start with Docker,
    title = {Quick Start with Docker},
    howpublished = {\url{https://docs.feelpp.org/user/latest/using/docker.html}},
    note = {Accessed: 2024}
}

@misc{Mixed Poisson,
    title = {Mixed Poisson},
    howpublished = {\url{https://docs.feelpp.org/user/latest/using/toolboxes/hdg_poisson.html}},
    note = {Accessed: 2024}
}