@article{toto,
  author          = {totot},
  journal         = {titi},
  number          = {tata},
  title           = {},
  volume          = {},
  year            = {2024}
}
@misc{docsfeelpp,
  author       = {Feel++ Consortium},
  howpublished = {\url{https://docs.feelpp.org}},
  title        = {Feel++ Documentation},
  year         = {2024}
}