@misc{scimbadocs,
  author  = {{Scimba Feel++ Consortium}},
  title   = {Scimba Documentation},
  howpublished = {\url{https://sciml.gitlabpages.inria.fr/scimba/}},
  year    = {2024},
}

@misc{docsfeelpp,
  author       = {{ Feel++ Consortium}},
  title        = {Feel++ Documentation},
  howpublished = {\url{https://sciml.gitlabpages.inria.fr/scimba/}},
  year         = {2024}
}

@misc{wiki_coupling,
  author       = {{Wikipedia}},
  title        = {Coupling (computer programming)},
  howpublished = {\url{https://en.wikipedia.org/wiki/Coupling_(computer_programming)}},
  year         = {Accessed in 2024}
}

@misc{cemosis_course,
  author       = {{CEMOSIS}},
  title        = {Course: Solving PDEs with FEEL},
  howpublished = {\url{https://www.cemosis.fr/events/course-solving-pdes-with-feel/}},
  year         = {Accessed in 2024}
}
